%YAML 1.1
%TAG !u! tag:unity3d.com,2011:
--- !u!1 &2027279202587851046
GameObject:
  m_ObjectHideFlags: 0
  m_CorrespondingSourceObject: {fileID: 0}
  m_PrefabInstance: {fileID: 0}
  m_PrefabAsset: {fileID: 0}
  serializedVersion: 6
  m_Component:
  - component: {fileID: 2015480378918420924}
  - component: {fileID: 7719905835911059775}
  - component: {fileID: 6932367197363877031}
  - component: {fileID: 7261864736882103878}
  m_Layer: 5
  m_Name: SpriteMenu2
  m_TagString: Untagged
  m_Icon: {fileID: 0}
  m_NavMeshLayer: 0
  m_StaticEditorFlags: 0
  m_IsActive: 1
--- !u!224 &2015480378918420924
RectTransform:
  m_ObjectHideFlags: 0
  m_CorrespondingSourceObject: {fileID: 0}
  m_PrefabInstance: {fileID: 0}
  m_PrefabAsset: {fileID: 0}
  m_GameObject: {fileID: 2027279202587851046}
  m_LocalRotation: {x: -0, y: -0, z: -0, w: 1}
  m_LocalPosition: {x: 0, y: 0, z: -14.885515}
  m_LocalScale: {x: 1, y: 1, z: 1}
  m_Children: []
  m_Father: {fileID: 6516050879947532686}
  m_RootOrder: 4
  m_LocalEulerAnglesHint: {x: 0, y: 0, z: 0}
  m_AnchorMin: {x: 0.5, y: 0.5}
  m_AnchorMax: {x: 0.5, y: 0.5}
  m_AnchoredPosition: {x: -0.9000244, y: -0.2000122}
  m_SizeDelta: {x: 75.8, y: 68.07}
  m_Pivot: {x: 0.5, y: 0.5}
--- !u!222 &7719905835911059775
CanvasRenderer:
  m_ObjectHideFlags: 0
  m_CorrespondingSourceObject: {fileID: 0}
  m_PrefabInstance: {fileID: 0}
  m_PrefabAsset: {fileID: 0}
  m_GameObject: {fileID: 2027279202587851046}
  m_CullTransparentMesh: 0
--- !u!114 &6932367197363877031
MonoBehaviour:
  m_ObjectHideFlags: 0
  m_CorrespondingSourceObject: {fileID: 0}
  m_PrefabInstance: {fileID: 0}
  m_PrefabAsset: {fileID: 0}
  m_GameObject: {fileID: 2027279202587851046}
  m_Enabled: 1
  m_EditorHideFlags: 0
  m_Script: {fileID: 11500000, guid: fe87c0e1cc204ed48ad3b37840f39efc, type: 3}
  m_Name: 
  m_EditorClassIdentifier: 
  m_Material: {fileID: 0}
  m_Color: {r: 1, g: 1, b: 1, a: 1}
  m_RaycastTarget: 1
  m_OnCullStateChanged:
    m_PersistentCalls:
      m_Calls: []
  m_Sprite: {fileID: 21300000, guid: 4fb4de6bde657504eb8936def950ac79, type: 3}
  m_Type: 0
  m_PreserveAspect: 0
  m_FillCenter: 1
  m_FillMethod: 4
  m_FillAmount: 1
  m_FillClockwise: 1
  m_FillOrigin: 0
  m_UseSpriteMesh: 0
  m_PixelsPerUnitMultiplier: 1
--- !u!95 &7261864736882103878
Animator:
  serializedVersion: 3
  m_ObjectHideFlags: 0
  m_CorrespondingSourceObject: {fileID: 0}
  m_PrefabInstance: {fileID: 0}
  m_PrefabAsset: {fileID: 0}
  m_GameObject: {fileID: 2027279202587851046}
  m_Enabled: 1
  m_Avatar: {fileID: 0}
  m_Controller: {fileID: 0}
  m_CullingMode: 0
  m_UpdateMode: 0
  m_ApplyRootMotion: 0
  m_LinearVelocityBlending: 0
  m_WarningMessage: 
  m_HasTransformHierarchy: 1
  m_AllowConstantClipSamplingOptimization: 1
  m_KeepAnimatorControllerStateOnDisable: 0
--- !u!1 &6516050878652315946
GameObject:
  m_ObjectHideFlags: 0
  m_CorrespondingSourceObject: {fileID: 0}
  m_PrefabInstance: {fileID: 0}
  m_PrefabAsset: {fileID: 0}
  serializedVersion: 6
  m_Component:
  - component: {fileID: 6516050878652315945}
  - component: {fileID: 6516050878652315951}
  - component: {fileID: 6516050878652315944}
  - component: {fileID: 6516050878652315950}
  m_Layer: 0
  m_Name: BackBtn
  m_TagString: Untagged
  m_Icon: {fileID: 0}
  m_NavMeshLayer: 0
  m_StaticEditorFlags: 0
  m_IsActive: 1
--- !u!4 &6516050878652315945
Transform:
  m_ObjectHideFlags: 0
  m_CorrespondingSourceObject: {fileID: 0}
  m_PrefabInstance: {fileID: 0}
  m_PrefabAsset: {fileID: 0}
  m_GameObject: {fileID: 6516050878652315946}
  m_LocalRotation: {x: -0, y: -0, z: -0, w: 1}
  m_LocalPosition: {x: -0.9, y: -113.4, z: -0.72}
  m_LocalScale: {x: 67.4475, y: 67.4475, z: 67.4475}
  m_Children: []
  m_Father: {fileID: 6516050879947532686}
  m_RootOrder: 2
  m_LocalEulerAnglesHint: {x: 0, y: 0, z: 0}
--- !u!212 &6516050878652315951
SpriteRenderer:
  m_ObjectHideFlags: 0
  m_CorrespondingSourceObject: {fileID: 0}
  m_PrefabInstance: {fileID: 0}
  m_PrefabAsset: {fileID: 0}
  m_GameObject: {fileID: 6516050878652315946}
  m_Enabled: 1
  m_CastShadows: 0
  m_ReceiveShadows: 0
  m_DynamicOccludee: 1
  m_MotionVectors: 1
  m_LightProbeUsage: 1
  m_ReflectionProbeUsage: 1
  m_RayTracingMode: 0
  m_RenderingLayerMask: 1
  m_RendererPriority: 0
  m_Materials:
  - {fileID: 10754, guid: 0000000000000000f000000000000000, type: 0}
  m_StaticBatchInfo:
    firstSubMesh: 0
    subMeshCount: 0
  m_StaticBatchRoot: {fileID: 0}
  m_ProbeAnchor: {fileID: 0}
  m_LightProbeVolumeOverride: {fileID: 0}
  m_ScaleInLightmap: 1
  m_ReceiveGI: 1
  m_PreserveUVs: 0
  m_IgnoreNormalsForChartDetection: 0
  m_ImportantGI: 0
  m_StitchLightmapSeams: 1
  m_SelectedEditorRenderState: 0
  m_MinimumChartSize: 4
  m_AutoUVMaxDistance: 0.5
  m_AutoUVMaxAngle: 89
  m_LightmapParameters: {fileID: 0}
  m_SortingLayerID: 0
  m_SortingLayer: 0
  m_SortingOrder: -1
  m_Sprite: {fileID: 21300000, guid: df832ac3d1407e142863a802190b9f41, type: 3}
  m_Color: {r: 1, g: 1, b: 1, a: 0}
  m_FlipX: 0
  m_FlipY: 0
  m_DrawMode: 0
  m_Size: {x: 5, y: 2.45}
  m_AdaptiveModeThreshold: 0.5
  m_SpriteTileMode: 0
  m_WasSpriteAssigned: 1
  m_MaskInteraction: 0
  m_SpriteSortPoint: 0
--- !u!60 &6516050878652315944
PolygonCollider2D:
  m_ObjectHideFlags: 0
  m_CorrespondingSourceObject: {fileID: 0}
  m_PrefabInstance: {fileID: 0}
  m_PrefabAsset: {fileID: 0}
  m_GameObject: {fileID: 6516050878652315946}
  m_Enabled: 1
  m_Density: 1
  m_Material: {fileID: 0}
  m_IsTrigger: 0
  m_UsedByEffector: 0
  m_UsedByComposite: 0
  m_Offset: {x: 0, y: 0}
  m_SpriteTilingProperty:
    border: {x: 0, y: 0, z: 0, w: 0}
    pivot: {x: 0.5, y: 0.5}
    oldSize: {x: 5, y: 2.45}
    newSize: {x: 5, y: 2.45}
    adaptiveTilingThreshold: 0.5
    drawMode: 0
    adaptiveTiling: 0
  m_AutoTiling: 0
  m_Points:
    m_Paths:
    - - {x: 0.87, y: -1.115}
      - {x: 0.98999995, y: -1.0749999}
      - {x: 1.18, y: -0.995}
      - {x: 1.4499999, y: -0.865}
      - {x: 1.55, y: -0.805}
      - {x: 1.61, y: -0.765}
      - {x: 1.8299999, y: -0.60499996}
      - {x: 1.9699999, y: -0.48499998}
      - {x: 2.1499999, y: -0.295}
      - {x: 2.22, y: -0.21499999}
      - {x: 2.31, y: -0.105}
      - {x: 2.37, y: -0.035}
      - {x: 2.4099998, y: 0.024999999}
      - {x: 2.5, y: 0.155}
      - {x: 2.5, y: 0.24499999}
      - {x: 2.3799999, y: 0.315}
      - {x: 2.09, y: 0.48499998}
      - {x: 1.4399999, y: 0.865}
      - {x: 0.90999997, y: 1.175}
      - {x: 0.82, y: 1.225}
      - {x: 0.75, y: 1.225}
      - {x: 0.7, y: 1.155}
      - {x: 0.58, y: 1.035}
      - {x: 0.45, y: 0.92499995}
      - {x: 0.28, y: 0.835}
      - {x: 0.21, y: 0.825}
      - {x: 0.11, y: 0.805}
      - {x: 0.11, y: 0.79499996}
      - {x: -0.11, y: 0.805}
      - {x: -0.26999998, y: 0.835}
      - {x: -0.29999998, y: 0.85499996}
      - {x: -0.42999998, y: 0.91499996}
      - {x: -0.45999998, y: 0.935}
      - {x: -0.58, y: 1.025}
      - {x: -0.65999997, y: 1.105}
      - {x: -0.72999996, y: 1.2049999}
      - {x: -0.75, y: 1.225}
      - {x: -0.81, y: 1.225}
      - {x: -0.85999995, y: 1.2049999}
      - {x: -1.05, y: 1.0849999}
      - {x: -1.53, y: 0.805}
      - {x: -1.67, y: 0.72499996}
      - {x: -1.91, y: 0.585}
      - {x: -2.1, y: 0.475}
      - {x: -2.46, y: 0.265}
      - {x: -2.5, y: 0.225}
      - {x: -2.5, y: 0.175}
      - {x: -2.48, y: 0.13499999}
      - {x: -2.3799999, y: -0.015}
      - {x: -2.29, y: -0.125}
      - {x: -2.19, y: -0.24499999}
      - {x: -2.05, y: -0.405}
      - {x: -1.89, y: -0.545}
      - {x: -1.67, y: -0.72499996}
      - {x: -1.61, y: -0.775}
      - {x: -1.4, y: -0.895}
      - {x: -1.1899999, y: -0.995}
      - {x: -1.0699999, y: -1.045}
      - {x: -0.90999997, y: -1.115}
      - {x: -0.72999996, y: -1.155}
      - {x: -0.59999996, y: -1.185}
      - {x: -0.5, y: -1.2049999}
      - {x: -0.44, y: -1.2149999}
      - {x: -0.35999998, y: -1.225}
      - {x: 0.34, y: -1.225}
      - {x: 0.48, y: -1.2049999}
      - {x: 0.66999996, y: -1.165}
--- !u!114 &6516050878652315950
MonoBehaviour:
  m_ObjectHideFlags: 0
  m_CorrespondingSourceObject: {fileID: 0}
  m_PrefabInstance: {fileID: 0}
  m_PrefabAsset: {fileID: 0}
  m_GameObject: {fileID: 6516050878652315946}
  m_Enabled: 1
  m_EditorHideFlags: 0
  m_Script: {fileID: 11500000, guid: 5eed61640cfc8ac4e99daccfd398003e, type: 3}
  m_Name: 
  m_EditorClassIdentifier: 
  text: {fileID: 0}
  imageComponent: {fileID: 0}
  FirstMenu: {fileID: 2682926566193388677, guid: d7c0e2290f76ec9408104f3373e88685,
    type: 3}
  AlertBoxContainer: {fileID: 2205928991186376255, guid: 4c2128cf1d5e71f4298c575ba22ed1ab,
    type: 3}
--- !u!1 &6516050879470652563
GameObject:
  m_ObjectHideFlags: 0
  m_CorrespondingSourceObject: {fileID: 0}
  m_PrefabInstance: {fileID: 0}
  m_PrefabAsset: {fileID: 0}
  serializedVersion: 6
  m_Component:
  - component: {fileID: 6516050879470652562}
  - component: {fileID: 6516050879470652560}
  - component: {fileID: 6516050879470652561}
  m_Layer: 0
  m_Name: ResBtn
  m_TagString: Untagged
  m_Icon: {fileID: 0}
  m_NavMeshLayer: 0
  m_StaticEditorFlags: 0
  m_IsActive: 1
--- !u!4 &6516050879470652562
Transform:
  m_ObjectHideFlags: 0
  m_CorrespondingSourceObject: {fileID: 0}
  m_PrefabInstance: {fileID: 0}
  m_PrefabAsset: {fileID: 0}
  m_GameObject: {fileID: 6516050879470652563}
  m_LocalRotation: {x: -0, y: -0, z: -0, w: 1}
  m_LocalPosition: {x: -99.77998, y: 49.95997, z: -0.72}
  m_LocalScale: {x: 67.4475, y: 67.4475, z: 67.4475}
  m_Children: []
  m_Father: {fileID: 6516050879947532686}
  m_RootOrder: 0
  m_LocalEulerAnglesHint: {x: 0, y: 0, z: 0}
--- !u!212 &6516050879470652560
SpriteRenderer:
  m_ObjectHideFlags: 0
  m_CorrespondingSourceObject: {fileID: 0}
  m_PrefabInstance: {fileID: 0}
  m_PrefabAsset: {fileID: 0}
  m_GameObject: {fileID: 6516050879470652563}
  m_Enabled: 1
  m_CastShadows: 0
  m_ReceiveShadows: 0
  m_DynamicOccludee: 1
  m_MotionVectors: 1
  m_LightProbeUsage: 1
  m_ReflectionProbeUsage: 1
  m_RayTracingMode: 0
  m_RenderingLayerMask: 1
  m_RendererPriority: 0
  m_Materials:
  - {fileID: 10754, guid: 0000000000000000f000000000000000, type: 0}
  m_StaticBatchInfo:
    firstSubMesh: 0
    subMeshCount: 0
  m_StaticBatchRoot: {fileID: 0}
  m_ProbeAnchor: {fileID: 0}
  m_LightProbeVolumeOverride: {fileID: 0}
  m_ScaleInLightmap: 1
  m_ReceiveGI: 1
  m_PreserveUVs: 0
  m_IgnoreNormalsForChartDetection: 0
  m_ImportantGI: 0
  m_StitchLightmapSeams: 1
  m_SelectedEditorRenderState: 0
  m_MinimumChartSize: 4
  m_AutoUVMaxDistance: 0.5
  m_AutoUVMaxAngle: 89
  m_LightmapParameters: {fileID: 0}
  m_SortingLayerID: 0
  m_SortingLayer: 0
  m_SortingOrder: -1
  m_Sprite: {fileID: 21300000, guid: bd8f3d0f661ed6d4b88751953d35b56b, type: 3}
  m_Color: {r: 1, g: 1, b: 1, a: 0}
  m_FlipX: 0
  m_FlipY: 0
  m_DrawMode: 0
  m_Size: {x: 2.86, y: 4.3}
  m_AdaptiveModeThreshold: 0.5
  m_SpriteTileMode: 0
  m_WasSpriteAssigned: 1
  m_MaskInteraction: 0
  m_SpriteSortPoint: 0
--- !u!60 &6516050879470652561
PolygonCollider2D:
  m_ObjectHideFlags: 0
  m_CorrespondingSourceObject: {fileID: 0}
  m_PrefabInstance: {fileID: 0}
  m_PrefabAsset: {fileID: 0}
  m_GameObject: {fileID: 6516050879470652563}
  m_Enabled: 1
  m_Density: 1
  m_Material: {fileID: 0}
  m_IsTrigger: 0
  m_UsedByEffector: 0
  m_UsedByComposite: 0
  m_Offset: {x: 0, y: 0}
  m_SpriteTilingProperty:
    border: {x: 0, y: 0, z: 0, w: 0}
    pivot: {x: 0.5, y: 0.5}
    oldSize: {x: 2.86, y: 4.3}
    newSize: {x: 2.86, y: 4.3}
    adaptiveTilingThreshold: 0.5
    drawMode: 0
    adaptiveTiling: 0
  m_AutoTiling: 0
  m_Points:
    m_Paths:
    - - {x: -0.39999998, y: -1.79}
      - {x: -0.29999998, y: -1.73}
      - {x: 0.01, y: -1.55}
      - {x: 0.13, y: -1.48}
      - {x: 0.64, y: -1.18}
      - {x: 0.66999996, y: -1.14}
      - {x: 0.66999996, y: -1.12}
      - {x: 0.65999997, y: -1.0799999}
      - {x: 0.59999996, y: -0.83}
      - {x: 0.59, y: -0.64}
      - {x: 0.59999996, y: -0.63}
      - {x: 0.63, y: -0.45}
      - {x: 0.71999997, y: -0.26999998}
      - {x: 0.79999995, y: -0.16}
      - {x: 0.95, y: -0.02}
      - {x: 0.98999995, y: -0.01}
      - {x: 1.1, y: 0.049999997}
      - {x: 1.16, y: 0.06}
      - {x: 1.25, y: 0.099999994}
      - {x: 1.43, y: 0.13}
      - {x: 1.43, y: 2.1499999}
      - {x: 1.09, y: 2.1499999}
      - {x: 0.9, y: 2.12}
      - {x: 0.61, y: 2.05}
      - {x: 0.42999998, y: 1.99}
      - {x: 0.34, y: 1.9499999}
      - {x: 0.01, y: 1.79}
      - {x: -0.12, y: 1.7099999}
      - {x: -0.22, y: 1.64}
      - {x: -0.29999998, y: 1.5799999}
      - {x: -0.45999998, y: 1.4399999}
      - {x: -0.71, y: 1.1899999}
      - {x: -0.77, y: 1.12}
      - {x: -0.90999997, y: 0.95}
      - {x: -0.95, y: 0.89}
      - {x: -1.0699999, y: 0.7}
      - {x: -1.18, y: 0.48}
      - {x: -1.3, y: 0.22}
      - {x: -1.35, y: 0.02}
      - {x: -1.42, y: -0.25}
      - {x: -1.43, y: -0.35}
      - {x: -1.43, y: -1.09}
      - {x: -1.42, y: -1.16}
      - {x: -1.39, y: -1.3299999}
      - {x: -1.3299999, y: -1.61}
      - {x: -1.31, y: -1.67}
      - {x: -1.18, y: -1.9699999}
      - {x: -1.1, y: -2.1399999}
      - {x: -1.0799999, y: -2.1499999}
      - {x: -1.03, y: -2.1499999}
      - {x: -1, y: -2.1399999}
--- !u!1 &6516050879581199742
GameObject:
  m_ObjectHideFlags: 0
  m_CorrespondingSourceObject: {fileID: 0}
  m_PrefabInstance: {fileID: 0}
  m_PrefabAsset: {fileID: 0}
  serializedVersion: 6
  m_Component:
  - component: {fileID: 6516050879581199741}
  - component: {fileID: 6516050879581199731}
  - component: {fileID: 6516050879581199740}
  m_Layer: 0
  m_Name: SumBtn
  m_TagString: Untagged
  m_Icon: {fileID: 0}
  m_NavMeshLayer: 0
  m_StaticEditorFlags: 0
  m_IsActive: 1
--- !u!4 &6516050879581199741
Transform:
  m_ObjectHideFlags: 0
  m_CorrespondingSourceObject: {fileID: 0}
  m_PrefabInstance: {fileID: 0}
  m_PrefabAsset: {fileID: 0}
  m_GameObject: {fileID: 6516050879581199742}
  m_LocalRotation: {x: -0, y: -0, z: -0, w: 1}
  m_LocalPosition: {x: 97.4, y: 49.88997, z: -0.72}
  m_LocalScale: {x: 67.4475, y: 67.4475, z: 29.325}
  m_Children: []
  m_Father: {fileID: 6516050879947532686}
  m_RootOrder: 1
  m_LocalEulerAnglesHint: {x: 0, y: 0, z: 0}
--- !u!212 &6516050879581199731
SpriteRenderer:
  m_ObjectHideFlags: 0
  m_CorrespondingSourceObject: {fileID: 0}
  m_PrefabInstance: {fileID: 0}
  m_PrefabAsset: {fileID: 0}
  m_GameObject: {fileID: 6516050879581199742}
  m_Enabled: 1
  m_CastShadows: 0
  m_ReceiveShadows: 0
  m_DynamicOccludee: 1
  m_MotionVectors: 1
  m_LightProbeUsage: 1
  m_ReflectionProbeUsage: 1
  m_RayTracingMode: 0
  m_RenderingLayerMask: 1
  m_RendererPriority: 0
  m_Materials:
  - {fileID: 10754, guid: 0000000000000000f000000000000000, type: 0}
  m_StaticBatchInfo:
    firstSubMesh: 0
    subMeshCount: 0
  m_StaticBatchRoot: {fileID: 0}
  m_ProbeAnchor: {fileID: 0}
  m_LightProbeVolumeOverride: {fileID: 0}
  m_ScaleInLightmap: 1
  m_ReceiveGI: 1
  m_PreserveUVs: 0
  m_IgnoreNormalsForChartDetection: 0
  m_ImportantGI: 0
  m_StitchLightmapSeams: 1
  m_SelectedEditorRenderState: 0
  m_MinimumChartSize: 4
  m_AutoUVMaxDistance: 0.5
  m_AutoUVMaxAngle: 89
  m_LightmapParameters: {fileID: 0}
  m_SortingLayerID: 0
  m_SortingLayer: 0
  m_SortingOrder: -1
  m_Sprite: {fileID: 21300000, guid: 81e675e9096cb7448bad6627bf611665, type: 3}
  m_Color: {r: 1, g: 1, b: 1, a: 0}
  m_FlipX: 0
  m_FlipY: 0
  m_DrawMode: 0
  m_Size: {x: 2.86, y: 4.3}
  m_AdaptiveModeThreshold: 0.5
  m_SpriteTileMode: 0
  m_WasSpriteAssigned: 1
  m_MaskInteraction: 0
  m_SpriteSortPoint: 0
--- !u!60 &6516050879581199740
PolygonCollider2D:
  m_ObjectHideFlags: 0
  m_CorrespondingSourceObject: {fileID: 0}
  m_PrefabInstance: {fileID: 0}
  m_PrefabAsset: {fileID: 0}
  m_GameObject: {fileID: 6516050879581199742}
  m_Enabled: 1
  m_Density: 1
  m_Material: {fileID: 0}
  m_IsTrigger: 0
  m_UsedByEffector: 0
  m_UsedByComposite: 0
  m_Offset: {x: 0, y: 0}
  m_SpriteTilingProperty:
    border: {x: 0, y: 0, z: 0, w: 0}
    pivot: {x: 0.5, y: 0.5}
    oldSize: {x: 2.86, y: 4.3}
    newSize: {x: 2.86, y: 4.3}
    adaptiveTilingThreshold: 0.5
    drawMode: 0
    adaptiveTiling: 0
  m_AutoTiling: 0
  m_Points:
    m_Paths:
    - - {x: 1.28, y: -1.7199999}
      - {x: 1.3, y: -1.66}
      - {x: 1.36, y: -1.4599999}
      - {x: 1.41, y: -1.22}
      - {x: 1.43, y: -1.12}
      - {x: 1.43, y: -0.39}
      - {x: 1.42, y: -0.31}
      - {x: 1.39, y: -0.14999999}
      - {x: 1.37, y: -0.06}
      - {x: 1.3399999, y: 0.049999997}
      - {x: 1.28, y: 0.24}
      - {x: 1.22, y: 0.39}
      - {x: 1.18, y: 0.48}
      - {x: 1.12, y: 0.61}
      - {x: 1.0699999, y: 0.7}
      - {x: 0.98999995, y: 0.83}
      - {x: 0.95, y: 0.89}
      - {x: 0.84999996, y: 1.03}
      - {x: 0.71, y: 1.1899999}
      - {x: 0.45999998, y: 1.4399999}
      - {x: 0.32999998, y: 1.55}
      - {x: 0.25, y: 1.62}
      - {x: 0.14999999, y: 1.6899999}
      - {x: -0.01, y: 1.79}
      - {x: -0.25, y: 1.91}
      - {x: -0.47, y: 2}
      - {x: -0.65, y: 2.06}
      - {x: -0.84999996, y: 2.11}
      - {x: -0.96, y: 2.1299999}
      - {x: -1.09, y: 2.1499999}
      - {x: -1.43, y: 2.1499999}
      - {x: -1.43, y: 0.13}
      - {x: -1.37, y: 0.12}
      - {x: -1.15, y: 0.08}
      - {x: -1.12, y: 0.06}
      - {x: -0.98999995, y: -0.01}
      - {x: -0.87, y: -0.089999996}
      - {x: -0.79999995, y: -0.16}
      - {x: -0.7, y: -0.29999998}
      - {x: -0.65, y: -0.42}
      - {x: -0.61, y: -0.56}
      - {x: -0.59999996, y: -0.63}
      - {x: -0.59, y: -0.82}
      - {x: -0.59999996, y: -0.83}
      - {x: -0.64, y: -1.03}
      - {x: -0.66999996, y: -1.11}
      - {x: -0.66999996, y: -1.14}
      - {x: -0.64, y: -1.18}
      - {x: -0.59, y: -1.2099999}
      - {x: -0.17999999, y: -1.4499999}
      - {x: 0.06, y: -1.5899999}
      - {x: 0.22999999, y: -1.6899999}
      - {x: 0.95, y: -2.11}
      - {x: 1.03, y: -2.1499999}
      - {x: 1.0799999, y: -2.1499999}
      - {x: 1.1, y: -2.1399999}
      - {x: 1.18, y: -1.9699999}
      - {x: 1.23, y: -1.8499999}
--- !u!1 &6516050879947532687
GameObject:
  m_ObjectHideFlags: 0
  m_CorrespondingSourceObject: {fileID: 0}
  m_PrefabInstance: {fileID: 0}
  m_PrefabAsset: {fileID: 0}
  serializedVersion: 6
  m_Component:
  - component: {fileID: 6516050879947532686}
  - component: {fileID: 6516050879947532685}
  m_Layer: 5
  m_Name: SecondMenuSprites
  m_TagString: Untagged
  m_Icon: {fileID: 0}
  m_NavMeshLayer: 0
  m_StaticEditorFlags: 0
  m_IsActive: 1
--- !u!224 &6516050879947532686
RectTransform:
  m_ObjectHideFlags: 0
  m_CorrespondingSourceObject: {fileID: 0}
  m_PrefabInstance: {fileID: 0}
  m_PrefabAsset: {fileID: 0}
  m_GameObject: {fileID: 6516050879947532687}
  m_LocalRotation: {x: 0, y: 0, z: 0, w: 1}
  m_LocalPosition: {x: 0, y: 0, z: 0}
  m_LocalScale: {x: 1, y: 1, z: 1}
  m_Children:
  - {fileID: 6516050879470652562}
  - {fileID: 6516050879581199741}
  - {fileID: 6516050878652315945}
  - {fileID: 881401056956522074}
  - {fileID: 2015480378918420924}
  m_Father: {fileID: 0}
  m_RootOrder: 0
  m_LocalEulerAnglesHint: {x: 0, y: 0, z: 0}
  m_AnchorMin: {x: 0.5, y: 0.5}
  m_AnchorMax: {x: 0.5, y: 0.5}
  m_AnchoredPosition: {x: 0.9, y: 0.2}
  m_SizeDelta: {x: 100, y: 100}
  m_Pivot: {x: 0.5, y: 0.5}
--- !u!95 &6516050879947532685
Animator:
  serializedVersion: 3
  m_ObjectHideFlags: 0
  m_CorrespondingSourceObject: {fileID: 0}
  m_PrefabInstance: {fileID: 0}
  m_PrefabAsset: {fileID: 0}
  m_GameObject: {fileID: 6516050879947532687}
  m_Enabled: 1
  m_Avatar: {fileID: 0}
  m_Controller: {fileID: 9100000, guid: 3f4d42620a3c28943944621c590b4b1e, type: 2}
  m_CullingMode: 0
  m_UpdateMode: 0
  m_ApplyRootMotion: 0
  m_LinearVelocityBlending: 0
  m_WarningMessage: 
  m_HasTransformHierarchy: 1
  m_AllowConstantClipSamplingOptimization: 1
  m_KeepAnimatorControllerStateOnDisable: 0
--- !u!1 &7505905844161788797
GameObject:
  m_ObjectHideFlags: 0
  m_CorrespondingSourceObject: {fileID: 0}
  m_PrefabInstance: {fileID: 0}
  m_PrefabAsset: {fileID: 0}
  serializedVersion: 6
  m_Component:
  - component: {fileID: 881401056956522074}
  - component: {fileID: 5958262609287469118}
  - component: {fileID: 3968628322487091224}
  - component: {fileID: 7891807939384914852}
  m_Layer: 0
  m_Name: PlayerIconBtn
  m_TagString: Untagged
  m_Icon: {fileID: 0}
  m_NavMeshLayer: 0
  m_StaticEditorFlags: 0
  m_IsActive: 1
--- !u!4 &881401056956522074
Transform:
  m_ObjectHideFlags: 0
  m_CorrespondingSourceObject: {fileID: 0}
  m_PrefabInstance: {fileID: 0}
  m_PrefabAsset: {fileID: 0}
  m_GameObject: {fileID: 7505905844161788797}
  m_LocalRotation: {x: -0, y: -0, z: -0, w: 1}
  m_LocalPosition: {x: 0, y: 0, z: 0}
  m_LocalScale: {x: 25.732689, y: 25.732689, z: 1.02931}
  m_Children: []
  m_Father: {fileID: 6516050879947532686}
  m_RootOrder: 3
  m_LocalEulerAnglesHint: {x: 0, y: 0, z: 0}
--- !u!212 &5958262609287469118
SpriteRenderer:
  m_ObjectHideFlags: 0
  m_CorrespondingSourceObject: {fileID: 0}
  m_PrefabInstance: {fileID: 0}
  m_PrefabAsset: {fileID: 0}
  m_GameObject: {fileID: 7505905844161788797}
  m_Enabled: 1
  m_CastShadows: 0
  m_ReceiveShadows: 0
  m_DynamicOccludee: 1
  m_MotionVectors: 1
  m_LightProbeUsage: 1
  m_ReflectionProbeUsage: 1
  m_RayTracingMode: 0
  m_RenderingLayerMask: 1
  m_RendererPriority: 0
  m_Materials:
  - {fileID: 10754, guid: 0000000000000000f000000000000000, type: 0}
  m_StaticBatchInfo:
    firstSubMesh: 0
    subMeshCount: 0
  m_StaticBatchRoot: {fileID: 0}
  m_ProbeAnchor: {fileID: 0}
  m_LightProbeVolumeOverride: {fileID: 0}
  m_ScaleInLightmap: 1
  m_ReceiveGI: 1
  m_PreserveUVs: 0
  m_IgnoreNormalsForChartDetection: 0
  m_ImportantGI: 0
  m_StitchLightmapSeams: 1
  m_SelectedEditorRenderState: 0
  m_MinimumChartSize: 4
  m_AutoUVMaxDistance: 0.5
  m_AutoUVMaxAngle: 89
  m_LightmapParameters: {fileID: 0}
  m_SortingLayerID: 0
  m_SortingLayer: 0
  m_SortingOrder: 0
  m_Sprite: {fileID: 21300000, guid: 12fe825bfd94d494f910f5fa20918b37, type: 3}
  m_Color: {r: 1, g: 1, b: 1, a: 1}
  m_FlipX: 0
  m_FlipY: 0
  m_DrawMode: 0
  m_Size: {x: 4.76, y: 4.76}
  m_AdaptiveModeThreshold: 0.5
  m_SpriteTileMode: 0
  m_WasSpriteAssigned: 1
  m_MaskInteraction: 0
  m_SpriteSortPoint: 0
--- !u!60 &3968628322487091224
PolygonCollider2D:
  m_ObjectHideFlags: 0
  m_CorrespondingSourceObject: {fileID: 0}
  m_PrefabInstance: {fileID: 0}
  m_PrefabAsset: {fileID: 0}
  m_GameObject: {fileID: 7505905844161788797}
  m_Enabled: 1
  m_Density: 1
  m_Material: {fileID: 0}
  m_IsTrigger: 0
  m_UsedByEffector: 0
  m_UsedByComposite: 0
  m_Offset: {x: 0, y: 0}
  m_SpriteTilingProperty:
    border: {x: 0, y: 0, z: 0, w: 0}
    pivot: {x: 0.5, y: 0.5}
    oldSize: {x: 4.76, y: 4.76}
    newSize: {x: 4.76, y: 4.76}
    adaptiveTilingThreshold: 0.5
    drawMode: 0
    adaptiveTiling: 0
  m_AutoTiling: 0
  m_Points:
    m_Paths:
    - - {x: 0.84, y: -2.25}
      - {x: 0.94, y: -2.21}
      - {x: 1.1, y: -2.1399999}
      - {x: 1.26, y: -2.05}
      - {x: 1.38, y: -1.9699999}
      - {x: 1.4499999, y: -1.92}
      - {x: 1.56, y: -1.8299999}
      - {x: 1.75, y: -1.65}
      - {x: 1.8399999, y: -1.54}
      - {x: 1.9699999, y: -1.38}
      - {x: 2.05, y: -1.26}
      - {x: 2.1399999, y: -1.1}
      - {x: 2.22, y: -0.94}
      - {x: 2.26, y: -0.81}
      - {x: 2.31, y: -0.65999997}
      - {x: 2.35, y: -0.5}
      - {x: 2.3799999, y: -0.32999998}
      - {x: 2.3799999, y: 0.32}
      - {x: 2.37, y: 0.39}
      - {x: 2.34, y: 0.55}
      - {x: 2.3, y: 0.7}
      - {x: 2.25, y: 0.84999996}
      - {x: 2.1299999, y: 1.12}
      - {x: 2.05, y: 1.26}
      - {x: 2.01, y: 1.3199999}
      - {x: 1.92, y: 1.4499999}
      - {x: 1.8399999, y: 1.55}
      - {x: 1.64, y: 1.75}
      - {x: 1.54, y: 1.8399999}
      - {x: 1.38, y: 1.9699999}
      - {x: 1.26, y: 2.05}
      - {x: 1.2099999, y: 2.08}
      - {x: 1.03, y: 2.1699998}
      - {x: 0.94, y: 2.21}
      - {x: 0.81, y: 2.26}
      - {x: 0.65999997, y: 2.32}
      - {x: 0.45, y: 2.36}
      - {x: 0.32, y: 2.3799999}
      - {x: -0.32, y: 2.3799999}
      - {x: -0.45, y: 2.36}
      - {x: -0.7, y: 2.31}
      - {x: -0.84999996, y: 2.25}
      - {x: -1.12, y: 2.1299999}
      - {x: -1.26, y: 2.05}
      - {x: -1.4499999, y: 1.92}
      - {x: -1.55, y: 1.8399999}
      - {x: -1.75, y: 1.64}
      - {x: -1.8299999, y: 1.55}
      - {x: -1.92, y: 1.4499999}
      - {x: -1.99, y: 1.3399999}
      - {x: -2.08, y: 1.2099999}
      - {x: -2.1699998, y: 1.03}
      - {x: -2.21, y: 0.94}
      - {x: -2.26, y: 0.81}
      - {x: -2.32, y: 0.65999997}
      - {x: -2.36, y: 0.45}
      - {x: -2.3799999, y: 0.32}
      - {x: -2.3799999, y: -0.32}
      - {x: -2.36, y: -0.45}
      - {x: -2.3, y: -0.7}
      - {x: -2.25, y: -0.84999996}
      - {x: -2.21, y: -0.94}
      - {x: -2.1399999, y: -1.1}
      - {x: -2.05, y: -1.26}
      - {x: -1.9699999, y: -1.38}
      - {x: -1.8299999, y: -1.55}
      - {x: -1.75, y: -1.64}
      - {x: -1.56, y: -1.8299999}
      - {x: -1.38, y: -1.9699999}
      - {x: -1.26, y: -2.05}
      - {x: -1.03, y: -2.1699998}
      - {x: -0.81, y: -2.26}
      - {x: -0.62, y: -2.32}
      - {x: -0.39, y: -2.37}
      - {x: -0.32, y: -2.3799999}
      - {x: 0.32999998, y: -2.3799999}
      - {x: 0.45, y: -2.36}
      - {x: 0.7, y: -2.31}
--- !u!114 &7891807939384914852
MonoBehaviour:
  m_ObjectHideFlags: 0
  m_CorrespondingSourceObject: {fileID: 0}
  m_PrefabInstance: {fileID: 0}
  m_PrefabAsset: {fileID: 0}
  m_GameObject: {fileID: 7505905844161788797}
  m_Enabled: 1
  m_EditorHideFlags: 0
  m_Script: {fileID: 11500000, guid: 4cc9042850e667347b6d126d997ec6fc, type: 3}
  m_Name: 
  m_EditorClassIdentifier: 
  PlayerMenu: {fileID: 0}
  FirstMenu: {fileID: 0}
  SecondMenu: {fileID: 0}
  Center: {fileID: 7505905844161788797}
  actualPlayer: {fileID: 0}
  image: {fileID: 0}
  numberOfPlayers: 0
